% Encoding: UTF-8

@Article{Doane2011,
  author  = {David P. Doane and Lori E. Seward},
  title   = {Measuring Skewness: A Forgotten Statistic?},
  journal = {Journal of Statistics Education},
  year    = {2011},
  volume  = {19},
  number  = {2},
}

@Article{Brys2004,
  author  = {G Brys and M Hubert and A Struyf},
  title   = {A Robust Measure of Skewness},
  journal = {Journal of Computational and Graphical Statistics},
  year    = {2004},
  volume  = {13},
  number  = {4},
  pages   = {996-1017},
}

@article{Abdi2007,
	title={The method of least squares},
	author={Abdi, Herv{\'e}},
	journal={Encyclopedia of Measurement and Statistics. CA, USA: Thousand Oaks},
	year={2007}
}

@book{gauss1877,
	title={Theoria motus corporum coelestium in sectionibus conicis solem ambientium},
	author={Gauss, Carl Friedrich and Schering, Ernst Iulius},
	volume={7},
	year={1877},
	publisher={FA Perthes}
}

@misc{kolmogorov1992,
	title={Mathematics of the 19th Century, vol. 1},
	author={Kolmogorov, AN and Yushkevich, AP},
	year={1992},
	publisher={JSTOR}
}

@book{kanji2006,
	title={100 statistical tests},
	author={Kanji, Gopal K},
	year={2006},
	publisher={Sage}
}

@article{tukey1977,
	title={Exploratory data analysis},
	author={Tukey, John W},
	year={1977},
	publisher={Reading, Mass.}
}

@book{chambers1983,
	title={Graphical methods for data analysis},
	author={Chambers, John M},
	year={1983}
}

@article{student1908,
	title={The probable error of a mean},
	author={Student},
	journal={Biometrika},
	pages={1--25},
	year={1908},
	publisher={JSTOR}
}

@Comment{jabref-meta: databaseType:bibtex;}
